
@STRING{proc = {Proceedings of the}}

@STRING{popl = {ACM SIGPLAN-SIGACT Symposium on Principles of Programming Languages}}
@STRING{popl12 = proc # {39th} # popl # {, Philadelphia, PA, USA, January 22--28, 2012 (POPL-'12)}}
