@proceedings{acns'12,
  title = acns12,
  booktitle = acns12,
  year = {2012},
  series = {Lecture Notes in Computer Science},
  volume={7341},
  publisher={Springer},
  isbn = {978-3-642-31283-0},
  ee = {http://dx.doi.org/10.1007/978-3-642-31284-7},
}

@proceedings{acsac'06,
  title = acsac06,
  booktitle = acsac06,
  year = {2006},
  publisher = {IEEE},
}

@proceedings{acsac'07,
  title = acsac07,
  booktitle = acsac07,
  year = {2007},
  publisher = {IEEE},
}

@proceedings{acsac'09,
  title = acsac09,
  booktitle = acsac09,
  year = {2009},
  publisher = {IEEE},
}

@proceedings{plas'09,
  title = plas09,
  booktitle = plas09,
  year = {2009},
  publisher = {ACM},
  isbn = {978-1-60558-645-8},
}

@proceedings{plas'10,
  title = plas10,
  booktitle = plas10,
  year = {2010},
  publisher = {ACM},
  isbn = {978-1-60558-827-8},
}

@proceedings{plas'11,
  title = plas11,
  booktitle = plas11,
  year = {2011},
  publisher = {ACM},
  isbn = {978-1-4503-0830-4}
}

@proceedings{popl'07,
  COMMENTeditor = {Martin Hofmann and
               Matthias Felleisen},
  title     = popl07,
  booktitle = popl07,
  year      = {2007},
  publisher = {ACM},
  isbn      = {1-59593-575-4},
}

@proceedings{popl'12,
  COMMENTeditor = {John Field and Michael Hicks},
  title = popl12,
  booktitle = popl12,
  year = {2012},
  publisher = {ACM},
  isbn = {978-1-4503-1083-3},
  ee = {http://dl.acm.org/citation.cfm?id=2103656},
}

@proceedings{oopsla'12,
  title = oopsla12,
  booktitle = oopsla12,
  year = {2012},
  publisher = {ACM},
  isbn = {978-1-4503-1561-6},
}

@proceedings{www'04,
  COMMENTeditor = {Stuart I. Feldman and
               Mike Uretsky and
               Marc Najork and
               Craig E. Wills},
  title = www04,
  booktitle = www04,
  year = {2004},
  publisher = {ACM},
  isbn      = {1-58113-844-X},

}

@proceedings{www'06,
  title = www06,
  booktitle = www06,
  year = {2006},
  publisher = {ACM},
}

@proceedings{www'11,
  title = www11,
  booktitle = www11,
  year = {2011},
  publisher = {ACM},
}

@proceedings{pldi'09,
  title = pldi09,
  booktitle = pldi09,
  year = {2009},
  publisher = {ACM},
  isbn = {978-1-60558-392-1},
}

@proceedings{pldi'10,
  title = pldi10,
  booktitle = pldi10,
  year = {2010},
  publisher = {ACM},
}

@proceedings{ssp'09,
  title = ssp09,
  booktitle = ssp09,
  year = {2009},
  publisher = {IEEE},
}

@proceedings{ssp'10,
  title = ssp10,
  booktitle = ssp10,
  year = {2010},
  publisher = {IEEE},
}

@proceedings{ssp'11,
  title = ssp11,
  booktitle = ssp11,
  year = {2011},
  publisher = {IEEE},
}

@proceedings{ssp'12,
  title = ssp12,
  booktitle = ssp12,
  year = {2012},
  publisher = {IEEE},
  isbn = {978-0-7695-4681-0},
}

@proceedings{osdi'06,
  title = osdi06,
  booktitle = osdi06,
  year = {2006},
}

@proceedings{osdi'10,
  title = osdi10,
  booktitle = osdi10,
  year = {2010},
}

@proceedings{cgo'11,
  title = cgo11,
  booktitle = cgo11,
  year = {2011},
  isbn = {978-1-61284-356-8},
  publisher = {IEEE},
}

@proceedings{ccs'10,
  title = ccs10,
  booktitle = ccs10,
  year = {2010},
  isbn = {978-1-4503-0245-6},
  publisher = {ACM},
}

@proceedings{ccs'07,
  COMMENTeditor = {Peng Ning and Sabrina De Capitani di Vimercati and Paul F. Syverson},
  title = ccs07,
  booktitle = ccs07,
  year = {2007},
  isbn = {978-1-59593-703-2},
  publisher = {ACM},
}

@proceedings{ccs'12,
  title = ccs12,
  booktitle = ccs12,
  year = {2012},
  isbn = {978-1-4503-1651-4},
  publisher = {ACM},
}

@proceedings{csf'10,
  title = csf10,
  year = {2010},
  isbn = {978-1-4244-7511-7},
  publisher = {IEEE},
}

@proceedings{csf'12,
  title = csf12,
  booktitle = csf12,
  year = {2012},
  isbn = {978-0-7695-4718-3},
  publisher = {IEEE},
}

@proceedings{plastic'11,
  title = plastic11,
  booktitle = plastic11,
  year = {2011},
  isbn = {978-1-4503-1171-7},
  publisher = {ACM},
}

@proceedings{usenix.sec'08,
  title = usenix.sec08,
  booktitle = usenix.sec08,
  year = {2008},
  publisher = {USENIX Association},
}

@proceedings{usenix.sec'09,
  title = usenix.sec09,
  booktitle = usenix.sec09,
  year = {2009},
  publisher = {USENIX Association},
}

@proceedings{usenix.sec'12,
  title = usenix.sec12,
  booktitle = usenix.sec12,
  year = {2012},
  publisher = {USENIX Association},
}

@proceedings{usenix.webapps'10,
  title = usenix.webapps10,
  booktitle = usenix.webapps10,
  year = {2010},
  publisher = {USENIX Association},
}

@proceedings{icisc'05,
  COMMENTeditor = {Dongho Won and Seungjoo Kim},
  title = icisc05,
  booktitle = icisc05,
  series = {Lecture Notes in Computer Science},
  volume = {3935},
  year = {2006},
  isbn = {3-540-33354-1, 978-3-540-33354-8},
  publisher = {Springer},
}

@proceedings{ndss'07,
  title = ndss07,
  booktitle = ndss07,
  year = {2007},
  publisher = {The Internet Society},
}

@proceedings{ndss'09,
  title = ndss09,
  booktitle = ndss09,
  year = {2009},
  publisher = {The Internet Society},
}

@proceedings{esorics'09,
  title = esorics09,
  booktitle = esorics09,
  year = {2009},
  isbn = {3-642-04443-3, 978-3-642-04443-4},
  publisher = {Springer},
}

@proceedings{moz'04,
  title = moz04,
  booktitle = moz04,
  year = {2004},
  isbn = {3-540-25079-4},
  publisher = {Springer},
}

@proceedings{trust'13,
  title = trust13,
  booktitle = trust13,
  year = {2013},
  isbn = {978-3-642-38907-8},
  publisher = {Springer},
}

@proceedings{eurosys'09,
  title = eurosys09,
  booktitle = eurosys09,
  year = {2009},
  isbn = {978-1-60558-482-9},
  publisher = {ACM},
}

@proceedings{csfw'06,
  title = csfw06,
  year = {2006},
  isbn = {0-7695-2615-2},
  publisher = {IEEE Computer Society},
}

@proceedings{mc'07,
  title = mc07,
  booktitle = mc07,
  year = {2007},
  isbn = {978-1-59593-935-7},
  publisher = {ACM},
}

@proceedings{ecoop'10,
  title = ecoop10,
  booktitle = ecoop10,
  year = {2010},
  publisher = {ACM},
  isbn = {3-642-14106-4, 978-3-642-14106-5},
}

