@article{abadi.etal+09,
  author    = {Mart{\'{\i}}n Abadi and
               Mihai Budiu and
               {\'{U}}lfar Erlingsson and
               Jay Ligatti},
  title     = {Control-flow integrity principles, implementations, and applications},
  journal   = {{ACM} Transactions on Information and System Security},
  year      = {2009},
  volume    = {13},
  number    = {1},
  pages     = {4:1--4:40},
  url       = {http://doi.acm.org/10.1145/1609956.1609960},
  doi       = {10.1145/1609956.1609960},
}

@article{aycock+03,
  author    = {John Aycock},
  title     = {A brief history of just-in-time},
  journal   = {{ACM} Computing Surveys},
  year      = {2003},
  volume    = {35},
  number    = {2},
  pages     = {97--113},
  url       = {http://doi.acm.org/10.1145/857076.857077},
  doi       = {10.1145/857076.857077},
}

@article{denning+76,
  author    = {Dorothy E. Denning},
  title     = {A Lattice Model of Secure Information Flow},
  journal   = {Communications of the {ACM}},
  year      = {1976},
  volume    = {19},
  number    = {5},
  pages     = {236--243},
  url       = {http://doi.acm.org/10.1145/360051.360056},
  doi       = {10.1145/360051.360056},
}

@article{denning.denning+77,
  author    = {Dorothy E. Denning and
               Peter J. Denning},
  title     = {Certification of Programs for Secure Information Flow},
  journal   = {Communications of the {ACM}},
  year      = {1977},
  volume    = {20},
  number    = {7},
  pages     = {504--513},
  url       = {http://doi.acm.org/10.1145/359636.359712},
  doi       = {10.1145/359636.359712},
}

@article{grier.etal+11,
  author    = {Chris Grier and
               Shuo Tang and
               Samuel T. King},
  title     = {Designing and Implementing the {OP} and {OP2} Web Browsers},
  journal   = {{ACM} Transactions on the Web ({TWEB})},
  year      = {2011},
  volume    = {5},
  number    = {2},
  pages     = {11:1--11:35},
  url       = {http://doi.acm.org/10.1145/1961659.1961665},
  doi       = {10.1145/1961659.1961665},
}

@article{lampson+74,
  author    = {Butler W. Lampson},
  title     = {Protection},
  journal   = {Operating Systems Review},
  year      = {1974},
  volume    = {8},
  number    = {1},
  pages     = {18--24},
  url       = {http://doi.acm.org/10.1145/775265.775268},
  doi       = {10.1145/775265.775268},
}

@article{magazinius.etal+12,
  author    = {Jonas Magazinius and
               Alejandro Russo and
               Andrei Sabelfeld},
  title     = {On-the-fly inlining of dynamic security monitors},
  journal   = {Computers {\&} Security},
  year      = {2012},
  volume    = {31},
  number    = {7},
  pages     = {827--843},
  url       = {http://dx.doi.org/10.1016/j.cose.2011.10.002},
  doi       = {10.1016/j.cose.2011.10.002},
}

@article{myers.liskov+00,
  author    = {Andrew C. Myers and
               Barbara Liskov},
  title     = {Protecting privacy using the decentralized label model},
  journal   = {{ACM} Transactions on Software Engineering and Methodology},
  year      = {2000},
  volume    = {9},
  number    = {4},
  pages     = {410--442},
  url       = {http://doi.acm.org/10.1145/363516.363526},
  doi       = {10.1145/363516.363526},
}

@article{sabelfeld.myers+03,
  author    = {Andrei Sabelfeld and
               Andrew C. Myers},
  title     = {Language-based information-flow security},
  journal   = {{IEEE} Journal on Selected Areas in Communications},
  year      = {2003},
  volume    = {21},
  number    = {1},
  pages     = {5--19},
  url       = {http://dx.doi.org/10.1109/JSAC.2002.806121},
  doi       = {10.1109/JSAC.2002.806121},
}

@book{denning+82,
  author    = {Dorothy E. Denning},
  title     = {Cryptography and Data Security},
  year      = {1982},
  publisher = {Addison-Wesley},
}

@book{wirth+76,
  author = {Niklaus Wirth},
  title = {Algorithms + Data Structures = Programs},
  year = {1976},
  publisher = {Prentice Hall},
  isbn= {0-13-022418-9},
}

@inproceedings{austin.flanagan+09,
  author    = {Thomas H. Austin and
               Cormac Flanagan},
  title     = {Efficient purely-dynamic information flow analysis},
  pages     = {113--124},
  crossref  = {plas'09},
  url       = {http://doi.acm.org/10.1145/1554339.1554353},
  doi       = {10.1145/1554339.1554353},
}

@inproceedings{austin.flanagan+10,
  author    = {Thomas H. Austin and
               Cormac Flanagan},
  title     = {Permissive dynamic information flow analysis},
  pages     = {3},
  crossref  = {plas'10},
  url       = {http://doi.acm.org/10.1145/1814217.1814220},
  doi       = {10.1145/1814217.1814220},
}

@inproceedings{austin.flanagan+12,
  author    = {Thomas H. Austin and
               Cormac Flanagan},
  title     = {Multiple facets for dynamic information flow},
  booktitle = {Proceedings of the 39th {ACM} {SIGPLAN-SIGACT} Symposium on Principles
               of Programming Languages, {POPL} 2012, Philadelphia, Pennsylvania,
               USA, January 22-28, 2012},
  pages     = {165--178},
  crossref  = {popl'12},
  url       = {http://doi.acm.org/10.1145/2103656.2103677},
  doi       = {10.1145/2103656.2103677},
}

@inproceedings{barth.etal+08,
  author    = {Adam Barth and
               Collin Jackson and
               John C. Mitchell},
  title     = {Securing Frame Communication in Browsers},
  pages     = {17--30},
  crossref  = {usenix.sec'08},
  url       = {http://www.usenix.org/events/sec08/tech/full_papers/barth/barth.pdf},
}

@inproceedings{barth.etal+09b,
  author    = {Adam Barth and
               Juan Caballero and
               Dawn Song},
  title     = {Secure Content Sniffing for Web Browsers, or How to Stop Papers from Reviewing Themselves},
  year      = {2009},
  pages     = {360-371},
  doi       = {10.1109/SP.2009.3},
  crossref  = {ssp'09},
}

@inproceedings{canali.etal+11,
  author    = {Davide Canali and
               Marco Cova and
               Giovanni Vigna and
               Christopher Kruegel},
  title     = {Prophiler: a fast filter for the large-scale detection of malicious
               web pages},
  pages     = {197--206},
  crossref  = {www'11},
  url       = {http://doi.acm.org/10.1145/1963405.1963436},
  doi       = {10.1145/1963405.1963436},
}

@inproceedings{capizzi.etal+08,
  author    = {Roberto Capizzi and
               Antonio Longo and
               V. N. Venkatakrishnan and
               A. Prasad Sistla},
  title     = {Preventing Information Leaks through Shadow Executions},
  pages     = {322--331},
  crossref  = {acsac'08},
  url       = {http://dx.doi.org/10.1109/ACSAC.2008.50},
  doi       = {10.1109/ACSAC.2008.50},
}

@inproceedings{chandra.franz+07,
  author    = {Deepak Chandra and
               Michael Franz},
  title     = {Fine-Grained Information Flow Analysis and Enforcement in a Java Virtual
               Machine},
  pages     = {463--475},
  crossref  = {acsac'07},
  url       = {http://dx.doi.org/10.1109/ACSAC.2007.26},
  doi       = {10.1109/ACSAC.2007.26},
}

@inproceedings{chudnov.naumann+10,
  author    = {Andrey Chudnov and
               David A. Naumann},
  title     = {Information Flow Monitor Inlining},
  pages     = {200--214},
  crossref = {csf'10},
  url       = {http://doi.ieeecomputersociety.org/10.1109/CSF.2010.21},
  doi       = {10.1109/CSF.2010.21},
}

@inproceedings{chugh.etal+09,
  author    = {Ravi Chugh and
               Jeffrey A. Meister and
               Ranjit Jhala and
               Sorin Lerner},
  title     = {Staged information flow for javascript},
  pages     = {50--62},
  crossref  = {pldi'09},
  url       = {http://doi.acm.org/10.1145/1542476.1542483},
  doi       = {10.1145/1542476.1542483},
}

@inproceedings{crites.etal+08,
  author    = {Steven Crites and
               Francis Hsu and
               Hao Chen},
  title     = {{OMash}: enabling secure web mashups via object abstractions},
  pages     = {99--108},
  crossref  = {ccs'08},
  url       = {http://doi.acm.org/10.1145/1455770.1455784},
  doi       = {10.1145/1455770.1455784},
}

@inproceedings{deutsch.schiffman+84,
  author    = {L. Peter Deutsch and
               Allan M. Schiffman},
  title     = {Efficient Implementation of the Smalltalk-80 System},
  pages     = {297--302},
  crossref  = {popl'84},
  url       = {http://doi.acm.org/10.1145/800017.800542},
  doi       = {10.1145/800017.800542},
}

@inproceedings{devriese.piessens+10,
  author    = {Dominique Devriese and
               Frank Piessens},
  title     = {Noninterference through Secure Multi-execution},
  pages     = {109--124},
  crossref  = {ssp'10},
  url       = {http://doi.ieeecomputersociety.org/10.1109/SP.2010.15},
  doi       = {10.1109/SP.2010.15},
}

@inproceedings{dhawan.ganapath+09,
  author    = {Mohan Dhawan and
               Vinod Ganapathy},
  title     = {Analyzing Information Flow in JavaScript-Based Browser Extensions},
  pages     = {382--391},
  crossref  = {acsac'09},
  url       = {http://dx.doi.org/10.1109/ACSAC.2009.43},
  doi       = {10.1109/ACSAC.2009.43},
}

@inproceedings{enck.etal+10,
  author    = {William Enck and
               Peter Gilbert and
               Byung{-}Gon Chun and
               Landon P. Cox and
               Jaeyeon Jung and
               Patrick McDaniel and
               Anmol Sheth},
  title     = {TaintDroid: An Information-Flow Tracking System for Realtime Privacy
               Monitoring on Smartphones},
  pages     = {393--407},
  crossref  = {osdi'10},
  url       = {http://www.usenix.org/events/osdi10/tech/full_papers/Enck.pdf},
}

@inproceedings{frantzen.shuey+01,
  author    = {Michael Frantzen and
               Michael Shuey},
  title     = {StackGhost: Hardware Facilitated Stack Protection},
  crossref  = {usenix.sec'01},
  url       = {http://www.usenix.org/publications/library/proceedings/sec01/frantzen.html},
}

@inproceedings{gal.etal+09,
  author    = {Andreas Gal and
               Brendan Eich and
               Mike Shaver and
               David Anderson and
               David Mandelin and
               Mohammad R. Haghighat and
               Blake Kaplan and
               Graydon Hoare and
               Boris Zbarsky and
               Jason Orendorff and
               Jesse Ruderman and
               Edwin W. Smith and
               Rick Reitmaier and
               Michael Bebenita and
               Mason Chang and
               Michael Franz},
  title     = {Trace-based just-in-time type specialization for dynamic languages},
  pages     = {465--478},
  crossref  = {pldi'09},
  url       = {http://doi.acm.org/10.1145/1542476.1542528},
  doi       = {10.1145/1542476.1542528},
}

@inproceedings{greathouse.austin+11,
  author    = {Joseph L. Greathouse and
               Todd M. Austin},
  title     = {The potential of sampling for dynamic analysis},
  pages     = {3},
  crossref  = {plas'11},
  url       = {http://doi.acm.org/10.1145/2166956.2166959},
  doi       = {10.1145/2166956.2166959},
}

@inproceedings{greathouse.etal+11,
  author    = {Joseph L. Greathouse and
               Chelsea LeBlanc and
               Todd M. Austin and
               Valeria Bertacco},
  title     = {Highly scalable distributed dataflow analysis},
  pages     = {277--288},
  crossref  = {cgo'11},
  url       = {http://dx.doi.org/10.1109/CGO.2011.5764695},
  doi       = {10.1109/CGO.2011.5764695},
}

@inproceedings{grier.etal+08,
  author    = {Chris Grier and
               Shuo Tang and
               Samuel T. King},
  title     = {Secure Web Browsing with the {OP} Web Browser},
  year      = {2008},
  pages     = {402--416},
  crossref  = {ssp'08},
  url       = {http://doi.ieeecomputersociety.org/10.1109/SP.2008.19},
  doi       = {10.1109/SP.2008.19},
}

@inproceedings{groef.etal+12,
  author    = {Willem De Groef and
               Dominique Devriese and
               Nick Nikiforakis and
               Frank Piessens},
  title     = {FlowFox: a web browser with flexible and precise information flow
               control},
  pages     = {748--759},
  crossref  = {ccs'12},
  url       = {http://doi.acm.org/10.1145/2382196.2382275},
  doi       = {10.1145/2382196.2382275},
}

@inproceedings{guha.etal+10,
  author    = {Arjun Guha and
               Claudiu Saftoiu and
               Shriram Krishnamurthi},
  title     = {The Essence of JavaScript},
  pages     = {126--150},
  crossref  = {ecoop'10},
  url       = {http://dx.doi.org/10.1007/978-3-642-14107-2_7},
  doi       = {10.1007/978-3-642-14107-2_7},
}

@inproceedings{hackett.guo+12,
  author    = {Brian Hackett and
               Shu{-}yu Guo},
  title     = {Fast and precise hybrid type inference for JavaScript},
  pages     = {239--250},
  crossref  = {pldi'12},
  url       = {http://doi.acm.org/10.1145/2254064.2254094},
  doi       = {10.1145/2254064.2254094},
}

@inproceedings{hedin.sabelfeld+12,
  author    = {Daniel Hedin and
               Andrei Sabelfeld},
  title     = {Information-Flow Security for a Core of JavaScript},
  year      = {2012},
  pages     = {3--18},
  crossref  = {csf'12},
  url       = {http://doi.ieeecomputersociety.org/10.1109/CSF.2012.19},
  doi       = {10.1109/CSF.2012.19},
}

@inproceedings{hennigan.etal+13,
  author    = {Eric Hennigan and
               Christoph Kerschbaumer and
               Stefan Brunthaler and
               Per Larsen and
               Michael Franz},
  title     = {First-Class Labels: Using Information Flow to Debug Security Holes},
  pages     = {151--168},
  crossref  = {trust'13},
  url       = {http://dx.doi.org/10.1007/978-3-642-38908-5_12},
  doi       = {10.1007/978-3-642-38908-5_12},
}

@inproceedings{herman.flanagan+07,
  author    = {David Herman and
               Cormac Flanagan},
  title     = {Status report: specifying javascript with {ML}},
  pages     = {47--52},
  crossref  = {ml'07},
  url       = {http://doi.acm.org/10.1145/1292535.1292543},
  doi       = {10.1145/1292535.1292543},
}

@inproceedings{invernizzi.etal+12,
  author    = {Luca Invernizzi and
               Paolo Milani Comparetti},
  title     = {EvilSeed: {A} Guided Approach to Finding Malicious Web Pages},
  pages     = {428--442},
  crossref  = {ssp'12},
  url       = {http://doi.ieeecomputersociety.org/10.1109/SP.2012.33},
  doi       = {10.1109/SP.2012.33},
}

@inproceedings{jang.etal+10,
  author    = {Dongseok Jang and
               Ranjit Jhala and
               Sorin Lerner and
               Hovav Shacham},
  title     = {An empirical study of privacy-violating information flows in JavaScript
               web applications},
  pages     = {270--283},
  crossref  = {ccs'10},
  url       = {http://doi.acm.org/10.1145/1866307.1866339},
  doi       = {10.1145/1866307.1866339},
}

@inproceedings{jang.etal+12,
  author    = {Dongseok Jang and
               Zachary Tatlock and
               Sorin Lerner},
  title     = {Establishing Browser Security Guarantees through Formal Shim Verification},
  pages     = {113--128},
  crossref  = {usenix.sec'12},
  url       = {https://www.usenix.org/conference/usenixsecurity12/technical-sessions/presentation/jang},
}

@inproceedings{jim.etal+07,
  author    = {Trevor Jim and
               Nikhil Swamy and
               Michael Hicks},
  title     = {Defeating script injection attacks with browser-enforced embedded policies},
  pages     = {601--610},
  crossref  = {www'07},
  url       = {http://doi.acm.org/10.1145/1242572.1242654},
  doi       = {10.1145/1242572.1242654},
}

@inproceedings{just.etal+11,
  author   = {Seth Just and
              Alan Cleary and
              Brandon Shirley and
              Christian Hammer},
  title    = {Information Flow Analysis for Javascript},
  pages    = {9--18},
  crossref = {plastic'11},
  url      = {http://doi.acm.org/10.1145/2093328.2093331},
  doi      = {10.1145/2093328.2093331},
}

@inproceedings{kals.etal+06,
  author    = {Stefan Kals and
               Engin Kirda and
               Christopher Kr{\"{u}}gel and
               Nenad Jovanovic},
  title     = {SecuBat: a web vulnerability scanner},
  pages     = {247--256},
  crossref  = {www'06},
  url       = {http://doi.acm.org/10.1145/1135777.1135817},
  doi       = {10.1145/1135777.1135817},
}

@inproceedings{kerschbaumer.etal+13,
  author    = {Christoph Kerschbaumer and
               Eric Hennigan and
               Per Larsen and
               Stefan Brunthaler and
               Michael Franz},
  title     = {Towards Precise and Efficient Information Flow Control in Web Browsers},
  year      = {2013},
  pages     = {187--195},
  crossref  = {trust'13},
  url       = {http://dx.doi.org/10.1007/978-3-642-38908-5_14},
  doi       = {10.1007/978-3-642-38908-5_14},
}

@inproceedings{lam.chiueh+06,
  author    = {Lap{-}Chung Lam and
               Tzi{-}cker Chiueh},
  title     = {A General Dynamic Information Flow Tracking Framework for Security Applications},
  pages     = {463--472},
  crossref  = {acsac'06},
  url       = {http://dx.doi.org/10.1109/ACSAC.2006.6},
  doi       = {10.1109/ACSAC.2006.6},
}

@inproceedings{li.zdancewic+06,
  author    = {Peng Li and
               Steve Zdancewic},
  title     = {Encoding Information Flow in Haskell},
  pages     = {16},
  crossref  = {csfw'06},
  url       = {http://doi.ieeecomputersociety.org/10.1109/CSFW.2006.13},
  doi       = {10.1109/CSFW.2006.13},
}

@inproceedings{maffeis.etal+08,
  author    = {Sergio Maffeis and
               John C. Mitchell and
               Ankur Taly},
  title     = {An Operational Semantics for JavaScript},
  pages     = {307--325},
  crossref  = {aplas'08},
  url       = {http://dx.doi.org/10.1007/978-3-540-89330-1_22},
  doi       = {10.1007/978-3-540-89330-1_22},
}

@inproceedings{meyerovich.livshits+10,
  author    = {Leo A. Meyerovich and
               V. Benjamin Livshits},
  title     = {{ConScript}: Specifying and Enforcing Fine-Grained Security Policies for JavaScript in the Browser},
  pages     = {481--496},
  crossref  = {ssp'10},
  url       = {http://doi.ieeecomputersociety.org/10.1109/SP.2010.36},
  doi       = {10.1109/SP.2010.36},
}

@inproceedings{miller.etal+04,
  author    = {Mark S. Miller and
               Bill Tulloh and
               Jonathan S. Shapiro},
  title     = {The Structure of Authority: Why Security Is Not a Separable Concern},
  pages     = {2--20},
  crossref  = {moz'04},
  doi       = {10.1007/978-3-540-31845-3_2},
}

@inproceedings{molnar.etal+05,
  author    = {David Molnar and
               Matt Piotrowski and
               David Schultz and
               David Wagner},
  title     = {The Program Counter Security Model: Automatic Detection and Removal of Control-Flow Side Channel Attacks},
  pages     = {156--168},
  crossref  = {icisc'05},
  url       = {http://dx.doi.org/10.1007/11734727_14},
  doi       = {10.1007/11734727_14},
}

@inproceedings{myers+99,
  author    = {Andrew C. Myers},
  title     = {{JFlow}: Practical Mostly-Static Information Flow Control},
  pages     = {228--241},
  crossref  = {popl'99},
  url       = {http://doi.acm.org/10.1145/292540.292561},
  doi       = {10.1145/292540.292561},
}

@inproceedings{nadji.etal+09,
  author    = {Yacin Nadji and
               Prateek Saxena and
               Dawn Song},
  title     = {Document Structure Integrity: {A} Robust Basis for Cross-site Scripting Defense},
  crossref  = {ndss'09},
  url       = {http://www.isoc.org/isoc/conferences/ndss/09/pdf/01.pdf},
}

@inproceedings{nanda.etal+07,
  author    = {Susanta Nanda and
               Lap{-}Chung Lam and
               Tzi{-}cker Chiueh},
  title     = {Dynamic multi-process information flow tracking for web application
               security},
  pages     = {19},
  crossref  = {middleware'07},
  url       = {http://doi.acm.org/10.1145/1377943.1377956},
  doi       = {10.1145/1377943.1377956},
}

@inproceedings{nikiforakis.etal+12,
  author    = {Nick Nikiforakis and
               Luca Invernizzi and
               Alexandros Kapravelos and
               Steven Van Acker and
               Wouter Joosen and
               Christopher Kruegel and
               Frank Piessens and
               Giovanni Vigna},
  title     = {You are what you include: large-scale evaluation of remote javascript inclusions},
  pages     = {736--747},
  crossref  = {ccs'12},
  url       = {http://doi.acm.org/10.1145/2382196.2382274},
  doi       = {10.1145/2382196.2382274},
}

@inproceedings{prasad.chiueh+03,
  author    = {Manish Prasad and
               Tzi{-}cker Chiueh},
  title     = {A Binary Rewriting Defense Against Stack based Buffer Overflow Attacks},
  pages     = {211--224},
  crossref  = {usenix.atc'03},
  url       = {http://www.usenix.org/events/usenix03/tech/prasad.html},
}

@inproceedings{ratanaworabhan.etal+10,
  author    = {Paruj Ratanaworabhan and
               Benjamin Livshits and
               Benjamin G. Zorn},
  title     = {{JSMeter}: Comparing the Behavior of JavaScript Benchmarks with Real Web Applications},
  year      = {2010},
  crossref  = {usenex.webapps'10},
  url       = {https://www.usenix.org/conference/webapps-10/jsmeter-comparing-behavior-javascript-benchmarks-real-web-applications},
}

@inproceedings{reis.etal+06,
  author    = {Charles Reis and
               John Dunagan and
               Helen J. Wang and
               Opher Dubrovsky and
               Saher Esmeir},
  title     = {{BrowserShield}: Vulnerability-Driven Filtering of Dynamic {HTML}},
  pages     = {61--74},
  crossref  = {osdi'06},
  url       = {http://www.usenix.org/events/osdi06/tech/reis.html},
}

@inproceedings{richards.etal+10,
  author    = {Gregor Richards and
               Sylvain Lebresne and
               Brian Burg and
               Jan Vitek},
  title     = {An analysis of the dynamic behavior of JavaScript programs},
  pages     = {1--12},
  crossref  = {pldi'10},
  url       = {http://doi.acm.org/10.1145/1806596.1806598},
  doi       = {10.1145/1806596.1806598},
}

@inproceedings{robertson.vigna+09,
  author    = {William K. Robertson and
               Giovanni Vigna},
  title     = {Static Enforcement of Web Application Integrity Through Strong Typing},
  pages     = {283--298},
  crossref  = {usenix.sec'09},
  url       = {http://www.usenix.org/events/sec09/tech/full_papers/robertson.pdf},
}

@inproceedings{russo.etal+09,
  author    = {Alejandro Russo and
               Andrei Sabelfeld and
               Andrey Chudnov},
  title     = {Tracking Information Flow in Dynamic Tree Structures},
  pages     = {86--103},
  crossref  = {esorics'09},
  url       = {http://dx.doi.org/10.1007/978-3-642-04444-1_6},
  doi       = {10.1007/978-3-642-04444-1_6},
}

@inproceedings{slowinska.bos+09,
  author    = {Asia Slowinska and
               Herbert Bos},
  title     = {Pointless tainting?: evaluating the practicality of pointer tainting},
  pages     = {61--74},
  crossref  = {eurosys'09},
  url       = {http://doi.acm.org/10.1145/1519065.1519073},
  doi       = {10.1145/1519065.1519073},
}

@inproceedings{thomas.etal+11,
  author    = {Kurt Thomas and
               Chris Grier and
               Justin Ma and
               Vern Paxson and
               Dawn Song},
  title     = {Design and Evaluation of a Real-Time {URL} Spam Filtering Service},
  pages     = {447--462},
  crossref  = {ssp'11},
  url       = {http://doi.ieeecomputersociety.org/10.1109/SP.2011.25},
  doi       = {10.1109/SP.2011.25},
}

@inproceedings{tran.etal+12,
  author    = {Minh Tran and
               Xinshu Dong and
               Zhenkai Liang and
               Xuxian Jiang},
  title     = {Tracking the Trackers: Fast and Scalable Dynamic Analysis of Web Content
               for Privacy Violations},
  pages     = {418--435},
  crossref  = {acns'12},
  url       = {http://dx.doi.org/10.1007/978-3-642-31284-7_25},
  doi       = {10.1007/978-3-642-31284-7_25},
}

@inproceedings{vogt.etal+07,
  author    = {Philipp Vogt and
               Florian Nentwich and
               Nenad Jovanovic and
               Engin Kirda and
               Christopher Kr{\"{u}}gel and
               Giovanni Vigna},
  title     = {Cross Site Scripting Prevention with Dynamic Data Tainting and Static Analysis},
  crossref  = {ndss'07},
  url       = {http://www.isoc.org/isoc/conferences/ndss/07/papers/cross-site-scripting_prevention.pdf},
}

@inproceedings{yaowen.etal+04,
  author    = {Yao{-}Wen Huang and
               Fang Yu and
               Christian Hang and
               Chung{-}Hung Tsai and
               Der{-}Tsai Lee and
               Sy{-}Yen Kuo},
  title     = {Securing web application code by static analysis and runtime protection},
  pages     = {40--52},
  crossref  = {www'04},
  url       = {http://doi.acm.org/10.1145/988672.988679},
  doi       = {10.1145/988672.988679},
}

@inproceedings{yin.etal+07,
  author    = {Heng Yin and
               Dawn Xiaodong Song and
               Manuel Egele and
               Christopher Kruegel and
               Engin Kirda},
  title     = {Panorama: capturing system-wide information flow for malware detection and analysis},
  pages     = {116--127},
  crossref  = {ccs'07},
  url       = {http://doi.acm.org/10.1145/1315245.1315261},
  doi       = {10.1145/1315245.1315261},
}

@inproceedings{yu.etal+07,
  author    = {Dachuan Yu and
               Ajay Chander and
               Nayeem Islam and
               Igor Serikov},
  title     = {JavaScript instrumentation for browser security},
  pages     = {237--249},
  crossref  = {popl'07},
  url       = {http://doi.acm.org/10.1145/1190216.1190252},
  doi       = {10.1145/1190216.1190252},
}

@misc{adjacking,
  author = {Brian Krebs},
  title = {Banner Ad Trojan Served on MySpace, Photobucket},
  journal = {The Washington Post},
  month = {September},
  year = {2007},
  howpublished = {\url{http://voices.washingtonpost.com/securityfix/2007/09/banner\_ad\_trojan\_served\_on\_mys.html}},
}

@misc{adsafe,
  author = {Douglas Crockford},
  title = {{AdSafe}},
  year = {2009},
  howpublished = {\url{http://www.adsafe.org}},
  note = {(checked: February, 2013)},
}

@misc{alexa,
  author = {{Alexa}},
  title =  {{Alexa Global Top Sites}},
  url = {http://www.alexa.com/topsites},
  howpublished =  {\url{http://www.alexa.com/topsites}},
  note = {(checked: April, 2013)}
}

@misc{asmjs,
  author = {David Herman and
            Luke Wagner and
            Alon Zakai},
  title = {{asm.js} Working Draft},
  url = {http://asmjs.org/spec/latest/},
  howpublished =  {\url{http://asmjs.org/spec/latest/}},
  note = {(checked: April, 2014)}
}

@misc{caja,
  author = {Mark S. Miller and
            Mike Samuel and
            Ben Laurie and
            Ihab Awad and
            Mike Stay},
  title =  {Caja: Safe active content in sanitized {JavaScript}},
  year = {2008},
  url = {http://google-caja.googlecode.com/files/caja-spec-2008-01-15.pdf},
  howpublished = {\url{http://google-caja.googlecode.com/files/caja-spec-2008-01-15.pdf}},
  note = {(checked: February, 2013)}
}

@misc{crockford+01,
  author = {Douglas Crockford},
  title = {Private Members in {JavaScript}},
  year = {2001},
  url = {http://javascript.crockford.com/private.html},
  howpublished = {\url{http://javascript.crockford.com/private.html}},
  note = {(checked: April, 2014)}
}

@misc{cwe,
  author = {{The MITRE Corporation}},
  title =  {Common Weakness Enumeration: A Community-Developed Dictionary of Software Weakness Types},
  year = {2011},
  url = {http://cwe.mitre.org/top25-software-errors/},
  howpublished = {\url{http://cwe.mitre.org/top25-software-errors/}},
  note = {(checked: August, 2014)}
}

@misc{dom,
  author = {{W3C - World Wide Web Consortium}},
  title =  {Document Object Model {(DOM)} Level 3 Core Specification},
  year = {2004},
  url = {http://www.w3.org/TR/2004/REC-DOM-Level-3-Core-20040407/DOM3-Core.pdf},
  howpublished =  {\url{http://www.w3.org/TR/2004/REC-DOM-Level-3-Core-20040407/DOM3-Core.pdf}},
  note = {(checked: April, 2013)}
}

@misc{facebookjs,
  author = {Facebook},
  title = {{FBJS} (Facebook {JavaScript})},
  year = {2011},
  howpublished = {\url{http://developers.facebook.com/docs/fbjs}},
  note = {(checked: February, 2013)},
}


@misc{ecma,
  author = {{Ecma International}},
  title =  {Standard {ECMA-262}. {The} {ECMAScript} Language Specification},
  year = {2009},
  url = {http://www.ecma-international.org/publications/standards/Ecma-262.htm},
  howpublished =  {\url{http://www.ecma-international.org/publications/standards/Ecma-262.htm}},
  note = {(checked: April, 2013)}
}

@misc{html,
  author = {Dave Raggett and
            Arnaud {Le Hors} and
            Ian Jacobs},
  title = {{HTML 4.01 Specification}},
  publisher = {World Wide Web Consortium (W3C)},
  year = {1999},
  month = {December},
  url = {\url{http://www.w3.org/TR/1999/REC-html401-19991224}},
  howpublished = {World Wide Web Consortium (W3C)},
}

@misc{jif,
  author = {Andrew C. Myers and
            Lantian Zheng and
            Steve Zdancewic and
            Stephen Chong and
            Nathaniel Nystrom},
  title={Jif: {Java} information flow},
  year={2001},
  howpublished={\url{http://www.cs.cornell.edu/jif}},
  note = {(checked: April, 2013)}
}

@misc{kraken,
  author = {{Mozilla}},
  title =  {{Kraken} {JavaScript} Benchmark},
  year = {2011},
  howpublished =  {\url{http://krakenbenchmark.mozilla.org/}},
  note = {(checked: February, 2013)}
}

@misc{localXSS,
  author = {Amit Klein},
  Title = {{DOM Based Cross Site Scripting or XSS of the third kind}},
  year = {2005},
  month = {July},
  url = {\url{http://www.webappsec.org/projects/articles/071105.shtml}},
  howpublished = {\url{http://www.webappsec.org/projects/articles/071105.shtml}},
  note = {(checked: June, 2007)}
}

@misc{mashup,
  author = {David Crockford},
  title = {The Web of Confusion},
  publisher = {W2SP 2009: Web 2.0 Security and Privacy 2009 Conference, Presentation},
  year = {2009},
  month = {May},
  url = {\url{http://w2spconf.com/2009/presentations/keynote-slides.pdf}},
  howpublished = {, \url{http://w2spconf.com/2009/presentations/keynote-slides.pdf}},
  note = {(checked: August 2014)},
}

@misc{microsoft,
  author = {{Microsoft}},
  title = {{Microsoft Security Intelligence Report, Volume 13: January - June 2012}},
  year = {2012},
  url = {http://www.microsoft.com/security/sir/default.aspx},
  howpublished = {\url{http://www.microsoft.com/security/sir/default.aspx}},
  note = {(checked: April, 2013)}
}

@misc{myspace,
  author = {{MySpace}},
  title = {{MySpace}},
  year = {2014},
  howpublished = {\url{http://www.myspace.com}},
  note = {(checked: August, 2014)},
}

@misc{nduja,
  author = {Rosario Valotta},
  title = {Nduja Connection},
  journal = {Tentacolo Viola},
  year = {2007},
  month = {July},
  howpublished = {\url{http://sites.google.com/site/tentacoloviola/nduja}},
  note = {(checked: July 2013)},
}

@misc{owasp,
  author = {{OWASP}},
  title =  {The Ten Most Critical Web Application Security Risks},
  journal = {The Open Web Application Security Project Top 10},
  year = {2013},
  url = {\url{http://owasptop10.googlecode.com/files/OWASP\%20Top\%2010\%20-\%202013.pdf}},
  howpublished = {\url{http://owasptop10.googlecode.com/files/OWASP\%20Top\%2010%20-\%202013.pdf}},
  note = {(checked: August, 2014)}
}

@misc{rfc761,
  author= {J. Postel},
  title={DoD standard Transmission Control Protocol},
  publisher={IETF},
  organization={Internet Engineering Task Force},
  year={1980},
  month={January},
  series={Request for Comments},
  number={761},
  howpublished={RFC 761},
  url= {http://www.ietf.org/rfc/rfc761.txt},
}

@misc{safebrowsing,
  author = {Niels Provos},
  title = {Safe Browsing - Protecting Web Users for 5 Years and Counting},
  year = {2012},
  url = {http://googleonlinesecurity.blogspot.com/2012/06/safe-browsing-protecting-web-users-for.html},
  howpublished = {\url{http://googleonlinesecurity.blogspot.com/2012/06/safe-browsing-protecting-web-users-for.html}},
  note = {(checked: April, 2013)}
}


@misc{samy,
  author = {Samy Kamkar},
  title = {{I'll never get caught. I'm Popular}},
  year = {2005},
  howpublished = {\url{http://namb.la/popular}},
  note = {(checked: July 2013)},
}


@misc{semipersistent,
  author = {Erich Kachel},
  title = {{CSS / XSS – Angriff (Cross Site Scripting) - eine Analyse}},
  year = {2008},
  month = {August},
  url = {http://www.erich-kachel.de/?p=181},
  howpublished = {\url{http://www.erich-kachel.de/?p=181}},
  note = {(checked: August, 2014)},
}

@misc{smartscreen,
  author = {Microsoft},
  title = {{SmartScreen Filter}},
  year = {2012},
  url = {http://windows.microsoft.com/en-US/internet-explorer/products/ie-9/features/smartscreen-filter},
  howpublished = {\url{http://windows.microsoft.com/en-US/internet-explorer/products/ie-9/features/smartscreen-filter}},
  note = {(checked: April, 2013)}
}

@misc{sop,
  author = {{Mozilla Foundation}},
  title = {Same Origin Policy for {JavaScript}},
  year = {2008},
  url = {https://developer.mozilla.org/En/Same_origin_policy_for_JavaScript},
  howpublished =  {\url{https://developer.mozilla.org/En/Same_origin_policy_for_JavaScript}},
  note = {(checked: August 2014)},
}

@misc{sunspider,
  author = {{SunSpider}},
  title =  {{SunSpider} {JavaScript} Benchmark},
  year = {2012},
  url = {http://www2.webkit.org/perf/sunspider-0.9/sunspider.html},
  howpublished =  {\url{http://www2.webkit.org/perf/sunspider-0.9/sunspider.html}},
  note = {(checked: April, 2013)}
}

@misc{v8,
  author = {Google},
  title = {{V8 Benchmark Suite}},
  url = {https://developers.google.com/v8/benchmarks},
  howpublished = {\url{https://developers.google.com/v8/benchmarks}},
  note = {(checked: April, 2013)}
}

@misc{webkit,
  author = {{WebKit}},
  title =  {The WebKit Open Source Project},
  year = {2012},
  url = {http://www.webkit.org},
  howpublished =  {\url{http://www.webkit.org}},
  note = {(checked: April, 2013)}
}

@misc{whitehat,
  author = {Jeremiah Grossman},
  title = {WhiteHat Website Security Statistics Report},
  organization = {WhiteHat Security},
  year = {2011},
  url = {http://www.whitehatsec.com/home/resource/stats.html},
  howpublished = {\url{http://www.whitehatsec.com/home/resource/stats.html}},
  note = {(checked: July, 2013)}
}

@misc{xsscheatsheet,
  author = {Robert RSnake Hansen},
  title = {{XSS(Cross Site Scripting) Cheat Sheet}},
  year = {2007},
  month = {July},
  url = {http://ha.ckers.org/xss.html},
  howpublished = {\url{http://ha.ckers.org/xss.html}},
  note = {(checked: August, 2014)}
}

@misc{xssed,
  author = {DP and KF},
  title = {{Cross-Site Scripting (XSS) Information and Vulnerable Websites Archive}},
  url = {http://www.xssed.com},
  howpublished = {\url{http://www.xssed.com}},
  note = {(checked: April, 2013)},
}

@misc{xss-filter-input,
  author = {Google},
  title = {{HOWTO filter user input in tag attributes}},
  journal = {Browser Security Handbook},
  year = {2014},
  month = {August},
  howpublished = {\url{http://code.google.com/p/doctype-mirror/wiki/ArticleXSSInAttributes}},
  note = {(checked: August 2014)},
}

@misc{xssfilters,
  author = {Eduardo vela Nava and
            David Lindsay},
  title  = {Our Favorite XSS Filters and How to Attack Them},
  organization = {BlackHat Conference, Presentation},
  year   = {2009},
  month  = {July},
  url    = {http://www.blackhat.com/presentations/bh-usa-09/VELANAVA/BHUSA09-VelaNava-FavoriteXSS-SLIDES.pdf},
  howpublished = {\url{http://www.blackhat.com/presentations/bh-usa-09/VELANAVA/BHUSA09-VelaNava-FavoriteXSS-SLIDES.pdf}},
  note = {[Online; Stand 30.07.2009]},
}

@misc{xss-history,
  author = {Jeremiah Grossman},
  title = {{Cross-site scripting worms and viruses: the impending threat and the best defense.}},
  organization = {WhiteHat Security},
  year = {2006},
  month = {April},
  howpublished = {\url{http://www.whitehatsec.com/downloads/WHXSSThreats.pdf}},
}

@misc{yamanner,
  author = {Mircea Ciubotariu},
  title = {{JS.Yamanner@m - Symantec.com}},
  year = {2006},
  month = {June},
  howpublished = {\url{http://www.symantec.com/security\_response/writeup.jsp?docid=2006-061211-4111-99}},
  note = {(checked: June 2014)}
}

@phdthesis{zdancewic+02,
  author = {Stephan A. Zdancewic},
  title = {Programming Languages for Information Security},
  school = {Cornell University},
  year = {2002},
  month = {August},
}

@techreport{gudeman+93,
  author={David Gudeman},
  title={Representing Type Information in Dynamically Typed Languages},
  institution={University of Arizona},
  number={TR~93-27},
  month={October},
  year={1993},
}

@techreport{hennigan.etal+12,
  author    = {Eric Hennigan and
               Christoph Kerschbaumer and
               Stefan Brunthaler and
               Per Larsen and
               Michael Franz},
  title     = {Quality over Quantity: Developer Selected Information Flow},
  institution = {University of California, Irvine},
  number = {TR~12-02},
  year = {2012},
}

@techreport{ieee754,
  author = {{IEEE}},
  title = {{IEEE Standard for Floating-Point Arithmetic}},
  booktitle = {IEEE Std 754-2008},
  institution = {Microprocessor Standards Committee of the IEEE Computer Society},
  organization = {Microprocessor Standards Committee of the IEEE Computer Society},
  publisher = {The Institute of Electrical and Electronics Engineers, Inc.},
  isbn = {978-0-7381-5752-8},
  journal = {IEEE Std 754-2008},
  year = {2008},
  pages = {1--58},
  doi = {10.1109/ieeestd.2008.4610935},
}

@techreport{kerschbaumer.etal+12,
   author    = {Christoph Kerschbaumer and
               Eric Hennigan and
               Per Larsen and
               Stefan Brunthaler and
               Michael Franz},
  title = {{ConDOM}: Containing the {DOM} for Safe Browsing},
  institution = {University of California, Irvine},
  number = {TR~12-01},
  year = {2012},
}
