
@String{proc = {Proceedings of the}}
@String{tran = {Transactions on}}
@String{journ = {Journal on}}

@String{acns = {International Conference on Applied Cryptography and Network Security}}
@String{acns12 = proc # { 10th } # acns # {, Singapore, June 26-29, (ACNS~'12)}}

@String{acsac = {Annual Computer Security Applications Conference}}
@String{acsac06 = proc # { 22rd } # acsac # {, Miami Beach, FL, USA, December 11-15 (ACSAC~'06)}}
@String{acsac07 = proc # { 23rd } # acsac # {, Miami Beach, FL, USA, December 10-14 (ACSAC~'07)}}
@String{acsac08 = proc # { 24th } # acsac # {, Anaheim, CA, USA, December 8-12 (ACSAC~'08)}}
@String{acsac09 = proc # { 25rd } # acsac # {, Honolulu, HI, USA, December 7-11 (ACSAC~'09)}}

@String{ccs = {ACM Conference on Computer and Communications Security}}
@String{ccs07 = proc # { 14th } # ccs # {, Alexandria, VA, USA, October 28-31 (CCS~'07)}}
@String{ccs08 = proc # { 15th } # ccs # {, Alexandria, VA, USA, October 27-31 (CCS~'08)}}
@String{ccs09 = proc # { 16th } # ccs # {, Chicago, IL, USA, November 9-13 (CCS~'09)}}
@String{ccs10 = proc # { 17th } # ccs # {, Chicago, IL, USA, October 4-8 (CCS~'10)}}
@String{ccs12 = proc # { 19th } # ccs # {, Raleigh, NC, USA, October 16-18 (CCS~'12)}}}

@String{cgo = {IEEE/ACM International Symposium on Code Generation and Optimization}}
@String{cgo11 = proc # { 9th } # cgo # {, Chamonix, France, April 2-6 (CGO~'11)}}

@String{csf = {IEEE Computer Security Foundations Symposium}}
@String{csf10 = proc # { 23rd } # csf # {, Edinburgh, UK, July 17-19 (CSF'~10)}}
@String{csf12 = proc # { 25th } # csf # {, Cambridge MA, USA, June 25-27 (CSF~'12)}}

@String{dimva = {Detection of Intrusions and Malware, and Vulnerability Assessment}}
@String{dimva08 = proc # { 5th } # {, Paris, France, July 10-11 (DIMVA~'08)}}

@String{esorics = {European Symposium on Research in Computer Security}}
@String{esorics09 = proc # { 14th } # esorics # {, Saint-Malo, France, September 21-23 (ESORICS~'09)}}

@String{icisc = {International Conference on Information Security and Cryptology}}
@String{icisc05 = proc # { } # icisc # {, Seoul, Korea, December 1-2 (ICISC~'05)}}

@String{ict = {IFIP TC-11 International Information Security Conference}}
@String{ict10 = {Security and Privacy - Silver Linings in the Cloud} # proc # { 25th } # {, Held as Part of WCC~'10, Brisbane, Australia, September 20-23 (SEC~'10)}}

@String{mc = {ACM/IFIP/USENIX International Conference on Middleware Companion}}
@String{mc07 = proc # { } # mc # {, Newport Beach, CA, USA, November 26-30 (MC~'07)}}

@String{moz = {Multiparadigm Programming in Mozart/Oz}}
@String{moz04 = proc # { 2nd International Conference on } # moz # {, Charleroi, Belgium, October 7-8 (MOZ~'04)}}

@String{ndss = {Annual Network and Distributed System Security Symposium}}
@String{ndss07 = proc # { 14th } # ndss # {, San Diego, CA, USA, February 28-March 2 (NDSS~'07)}}
@String{ndss09 = proc # { 16th } # ndss # {, San Diego, CA, USA, Februray 8-11 (NDSS~'09)}}

@String{oopsla = {Annual ACM Conference on Object-Oriented Programming Systems, Languages, and Applications}}
@String{oopsla12 = proc # { } # oopsla}

@String{osdi = {USENIX Symposium on Operating Systems Design and Implementation}}
@String{osdi06 = proc # { 7th } # osdi # {, Seattle, WA, USA, November 6-8 (OSDI~'06)}}
@String{osdi10 = proc # { 9th } # osdi # {, Vancouver, BC, October 4-6 (OSDI~'10)}}

@String{pepm = {ACM SIGPLAN SIGPLAN Symposium on Partial Evaluation and Semantics-based Program Manipulation}}
@String{pepm08 = proc # { } # pepm # {, San Francisco, CA, USA, January 7-8 (PEPM~'08)}}

@String{plas = {ACM SIGPLAN Workshop on Programming Languages and Analysis for Security}}
@string{plas09 = proc # { 4th } # plas # {, Dublin, Ireland, June 15-21 (PLAS~'09)}}
@string{plas10 = proc # { 5th } # plas # {, Toronto, Canada, June 10 (PLAS~'10)}}
@string{plas11 = proc # { 6th } # plas # {, San Jose, CA, USA, June 5 (PLAN~'11)}}}

@String{plastic = {ACM SIGPLAN International Workshop on Programming Language and Systems Technologies for Internet Clients}}
@string{plastic11 = proc # { 1st } # plastic # {, Portland, OR, USA, October 22-27 (PLASTIC~'11)}}

@String{pldi = {ACM SIGPLAN Conference on Programming Language Design and Implementation}}
@String{pldi09 = proc # { } # pldi # {, Dublin, Ireland, June 15-21 (PLDI~'09)}}
@String{pldi10 = proc # { } # pldi # {, Toronto, Ontario, Canada, June 5-10 (PLDI~'10)}}
@String{pldi12 = proc # { } # pldi # {, Beijing, China, June 11-16, (PLDI~'12)}}

@String{popl = {ACM SIGPLAN-SIGACT Symposium on Principals of Programming Languages}}
@string{popl84 = proc # { 11th } # popl # {, Salt Lake City, UT, USA, January (POPL~'84)}}
@string{popl99 = proc # { 26th } # popl # {, San Antonio, TX, USA, January 20-22 (POPL~'99)}}
@string{popl07 = proc # { 34th } # popl # {, Nice, France, January 17-19 (POPL~'07)}}
@string{popl12 = proc # { 39th } # popl # {, Philadelphia, PA, USA, January 25-27 (POPL~'12)}}

@String{sac = {Selected Areas in IEEE Communications}}
@String{sac03 = journ # { } # sac}

@String{secucode = {ACM Workshop on Secure Execution of Untrusted Code}}
@String{secucode09 = proc # { 1st } # secucode # {, Chicago, IL, USA, November 9 (SecuCode~'09)}}

@String{securecomm = {IEEE International Conference on Security and Privacy in Communication Networks}},
@String{securecomm06 = proc # { 2nd } # securecomm # {, Baltimore, MD, USA, August 28-September 1 (SecuComm~'06)}}

@String{ss = {Conference on Security Symposium}}
@String{ss08 = proc # { 17th } # ss # {, San Jose, CA, USA, July 28-August 1 (SS~'08)}}

@String{ssp = {IEEE Symposium on Security and Privacy}}
@String{ssp82 = proc # { } # ssp # {, Oakland, CA, USA, April (SP~'82)}}
@String{ssp06 = proc # { 27th } # ssp # {, Oakland, CA, USA, May 21-24 (S\&P~'06)}}
@String{ssp08 = proc # { 29th } # ssp # {, Oakland, CA, USA, May 18-21 (S\&P~'08)}}
@String{ssp09 = proc # { 30th } # ssp # {, Oakland, CA, USA, May 17-20 (S\&P~'09)}}
@String{ssp10 = proc # { 31st } # ssp # {, Oakland, CA, USA, May 22-25 (S\&P~'10)}}
@String{ssp11 = proc # { 32nd } # ssp # {, Oakland, CA, USA, May 22-25 (S\&P~'11)}}
@String{ssp12 = proc # { 33rd } # ssp # {, San Francisco, CA, USA, May 21-23, (S\&P~'12}}

@String{trust = {International Conference on Trust and Trustworthy Computing}}
@String{trust13 = proc # { 6th } # trust # {, London, UK, June 17-19 (TRUST~'13)}}

@String{usenix.atc = {USENIX Annual Technical Conference}}
@String{usenix.atc03 = proc # { } # usenix.atc # {, San Antonio, TX, June 9-14 (ATC~'03)}}

@String{usenix.sec = {USENIX Conference on Security Symposium}}
@String{usenix.sec01 = proc # { 10th } # usenix.sec # {, Washington D.C., USA, August 13-17 (SSYM'01)}}
@String{usenix.sec08 = proc # { 17th } # usenix.sec # {, San Jose, CA, USA, July 28-August 1 (SSYM'08)}}
@String{usenix.sec09 = proc # { 18th } # usenix.sec # {, Montreal, Canada, August 10-14 (SSYM'09)}}
@String{usenix.sec12 = proc # { 21st } # usenix.sec # {, Bellevue, WA, USA, August 8-10 (SSYM'12)}}

@String{usenix.webapps = {USENIX Conference on Web Application Development}}
@String{usenix.webapps10 = proc # { 1st } # usenix.webapps # {, Boston, MA, June 23-24 (WebApps~'10)}}

@String{www = {ACM International Conference on World Wide Web}}
@String{www04 = proc # { 13th } # www # {, New York, NY, USA, May 17-20, (WWW~'04)}}
@String{www06 = proc # { 15th } # www # {, Edinburgh, Scotland, UK, May 23-26 (WWW~'06)}}
@String{www07 = proc # { 16th } # www # {, Banff, AB, Canada, May 08-12 (WWW~'07)}}
@String{www11 = proc # { 20th } # www # {, Hyderabad, India, March 28-April 1 (WWW~'11)}}
