@inproceedings{Harmon2007,
	Author = {Trevor Harmon and Raymond Klefstad},
	Booktitle = {Proceedings of the Thirteenth IEEE International Conference on Embedded and Real-Time Computing Systems and Applications (RTCSA 2007)},
	Month = {August},
	Title = {Interactive Back-annotation of Worst-case Execution Time Analysis for {J}ava Microprocessors},
	Year = {2007}
}
